@Misc{2007:phd-Ana-Cardoso-Cachopo,
  author =	 {Ana Cardoso-Cachopo},
  title =	 {{Improving Methods for Single-label Text
                  Categorization}},
  howpublished = {PdD Thesis, Instituto Superior Tecnico, Universidade
                  Tecnica de Lisboa},
  year =	 2007
}

@article{sivagurunathan2010classification,
  title={Classification of substitution ciphers using neural networks},
  author={Sivagurunathan, G and Rajendran, V and Purusothaman, T},
  journal={International Journal of computer science and network Security},
  volume={10},
  number={3},
  pages={274--279},
  year={2010}
}

@inproceedings{dileep2006identification,
  title={Identification of block ciphers using support vector machines},
  author={Dileep, Aroor Dinesh and Sekhar, Chellu Chandra},
  booktitle={Neural Networks, 2006. IJCNN'06. International Joint Conference on},
  pages={2696--2701},
  year={2006},
  organization={IEEE}
}

@inproceedings{mishra2013pattern,
  title={Pattern analysis of cipher text: A combined approach},
  author={Mishra, Shivendra and Bhattacharjya, Aniruddha},
  booktitle={Recent Trends in Information Technology (ICRTIT), 2013 International Conference on},
  pages={393--398},
  year={2013},
  organization={IEEE}
}


@article{decipher,
  title={Cipher identification with a neural network},
  author={de Souza, William AR and Tomlinson, Allan and de Figueiredo, Luiz MS}
}

@phdthesis{maheshwari2001classification,
  title={Classification of ciphers},
  author={Maheshwari, Pooja},
  year={2001},
  school={Indian Institute of Technology, Kanpur}
}


@book{stinson2005cryptography,
  title={Cryptography: theory and practice},
  author={Stinson, Douglas R},
  year={2005},
  publisher={CRC press}
}

@Article{Hunter:2007,
  Author    = {Hunter, J. D.},
  Title     = {Matplotlib: A 2D graphics environment},
  Journal   = {Computing In Science \& Engineering},
  Volume    = {9},
  Number    = {3},
  Pages     = {90--95},
  abstract  = {Matplotlib is a 2D graphics package used for Python
  for application development, interactive scripting, and
  publication-quality image generation across user
  interfaces and operating systems.},
  publisher = {IEEE COMPUTER SOC},
  doi = {10.1109/MCSE.2007.55},
  year      = 2007
}

@article{scikit-learn,
 title={Scikit-learn: Machine Learning in {P}ython},
 author={Pedregosa, F. and Varoquaux, G. and Gramfort, A. and Michel, V.
         and Thirion, B. and Grisel, O. and Blondel, M. and Prettenhofer, P.
         and Weiss, R. and Dubourg, V. and Vanderplas, J. and Passos, A. and
         Cournapeau, D. and Brucher, M. and Perrot, M. and Duchesnay, E.},
 journal={Journal of Machine Learning Research},
 volume={12},
 pages={2825--2830},
 year={2011}
}
